@misc{dudek:wyklad:sieciAproksymacja,
	author    = "Dudek, Grzegorz",
    title     = "Wykład na temat sztucznych sieci neuronowych jako aproksymatorów funkcji",
    howpublished = "\url{https://www.youtube.com/watch?v=sWPlLQgwxG8}",
    year     = "2017"
}

@misc{neuralNetworkZoo,
	author    = "Fjodor van Veen",
    title     = "The Neural Network Zoo",
    howpublished = "\url{https://www.asimovinstitute.org/neural-network-zoo/}",
    year     = "2016"
}

@misc{stergiou:neuralNetworks,
	author    = "Stergiou, Christos and Siganos, Dimitrios",
    title     = "Neural Networks",
    howpublished = "\url{https://www.doc.ic.ac.uk/~nd/surprise_96/journal/vol4/cs11/report.html}",
    year     = "1997"
}

@misc{bartman:sieciNeuronowe,
	author    = "Bartman, Jacek",
    title     = "Sztuczne sieci neuronowe",
    howpublished = "\url{https://www.neurosoft.edu.pl/media/pdf/jbartman/sztuczna_inteligencja/NTI1.pdf}",
    year     = "2016"
}

@misc{mijwel:sieciZaletyWady,
	author    = "Mijwel, Maad M.",
    title     = "Artificial Neural Networks Advantages and Disadvantages",
    howpublished = "\url{https://www.linkedin.com/pulse/artificial-neural-networks-advantages-disadvantages-maad-m-mijwel}",
    year     = "2018"
}

@misc{klaus:klasyfikacjaSieci,
	author    = "Klaus, Rafał",
    title     = "Klasyfikacja sieci neuronowych",
    howpublished = "\url{https://www.cs.put.poznan.pl/rklaus/assn/rodzaje.htm}",
    year     = "2002",
    note	 = "Wyciąg z materiałów dydaktycznych Instytutu Informatyki Politechniki Poznańskiej"
}

@misc{stefanowski:sieciNeuronowe,
	author    = "Stefanowski, Jerzy",
    title     = "Sztuczne sieci neuronowe",
    howpublished = "\url{https://www.cs.put.poznan.pl/jstefanowski/aed/TPDANN.pdf}",
    year     = "2006"
}

@misc{krawiec:uczenieNadzorowane,
	author    = "Krawiec, Krzysztof",
    title     = "Uczenie nadzorowane sieci neuronowych",
    howpublished = "\url{https://www.cs.put.poznan.pl/kkrawiec/aied/NNMLW2.pdf}",
    year     = "1995",
    note	 = "Wyciąg z materiałów dydaktycznych Instytutu Informatyki Politechniki Poznańskiej"
}

@misc{artz:deepLearningCars:blog,
	author = "Artz, Samuel",
	title = "Deep Learning Cars",
	howpublished = "\url{https://arztsamuel.github.io/en/projects/unity/deepCars/deepCars.html}",
	year = "2016"
}

@misc{artz:deepLearningCars:github,
	author = "Artz, Samuel",
	title = "Applying Evolutionary Artificial Neural Networks",
	howpublished = "\url{https://github.com/ArztSamuel/Applying_EANNs}",
	year = "2016"
}

@misc{kwea:autocar,
	author = "kwea123",
	title = "Autocar",
	howpublished = "\url{https://github.com/kwea123/RL/tree/master/ai/unity_test/autocar}",
	year = "2018"
}

@misc{csharp:wikipedia,
	title = "C Sharp (programming language)",
	howpublished = "\url{https://en.wikipedia.org/wiki/C_Sharp_(programming_language)}",
	year = "2019"
}

@misc{python:wikipedia,
	title = "Python (programming language)",
	howpublished = "\url{https://en.wikipedia.org/wiki/Python_(programming_language)}",
	year = "2019"
}

@misc{ddt:documentation,
	author = "Carles Barrobés",
	title = "DDT’s documentation",
	howpublished = "\url{https://ddt.readthedocs.io/en/latest}",
	year = "2012",
	note = "Dokumentacja dla modułu ddt"
}

@misc{conda:documentation,
	title = "Conda",
	howpublished = "\url{https://docs.conda.io/en/latest}",
	year = "2017",
	note = "Dokumentacja dla systemu conda"
}

@misc{docopt:documentation,
	title = "docopt",
	howpublished = "\url{https://docopt.org}",
	note = "Dokumentacja pakietu docopt"
}

@misc{unitymla:overview, 
	title = "ML-Agents Toolkit Overview",
	howpublished = "\url{https://github.com/Unity-Technologies/ml-agents/blob/master/docs/ML-Agents-Overview.md}",
	year = "2019"
}

@misc{pytorch:features,
	title = "PyTorch features overview",
	howpublished = "\url{https://pytorch.org/features}",
	year = "2019"
}

@misc{python:zen,
	title = "The Zen of Python",
	howpublished = "\url{https://www.python.org/dev/peps/pep-0020}",
	author = "Tim Peters",
	year = "2004"
}

@misc{pytorch:vs:tensorflow,
	title = "Dlaczego porzuciłem Tensorflow na rzecz Pytorch",
	howpublished = "\url{https://ksopyla.com/machine-learning/pytorch-vs-tensorflow}",
	author = "Krzysztof Sopyła",
	year = "2019"
}

@misc{pytorch:understandingGraphs,
	title = "PyTorch 101, Part 1: Understanding Graphs, Automatic Differentiation and Autograd",
	howpublished = "\url{https://blog.paperspace.com/pytorch-101-understanding-graphs-and-automatic-differentiation/}",
	author = "Ayoosh Kathuria",
	year = "2019"
}

@misc{unity:opis,
	title = "Jaki język programowania - Unity",
	howpublished = "\url{https://jaki-jezyk-programowania.pl/technologie/unity}",
	author = "Marcin Lasota",
	year = "2019"
}

@misc {unity:buildOptions,
	title = "Unity User Manual - Build Settings",
	howpublished = "\url{https://docs.unity3d.com/2019.1/Documentation/Manual/BuildSettings.html}",
	author = "Unity Technologies",
	year = "2019"
}